<record><leader>00000cas a2200000 a 4500</leader><controlfield tag="001">44164795</controlfield><controlfield tag="008">000601c20009999iluwr ne      0   a0eng c</controlfield><datafield ind1=" " ind2=" " tag="010"><subfield code="a">   00212377 </subfield></datafield><datafield ind1=" " ind2=" " tag="040"><subfield code="a">NSD</subfield><subfield code="b">eng</subfield><subfield code="c">NSD</subfield><subfield code="d">CVF</subfield><subfield code="d">OCLCQ</subfield><subfield code="d">NVF</subfield><subfield code="d">OCLCF</subfield><subfield code="d">OCLCO</subfield></datafield><datafield ind1=" " ind2=" " tag="012"><subfield code="m">y</subfield></datafield><datafield ind1="1" ind2=" " tag="022"><subfield code="a">1530-4523</subfield><subfield code="l">1530-4523</subfield><subfield code="y">8750-7455</subfield><subfield code="2">1</subfield></datafield><datafield ind1="1" ind2=" " tag="029"><subfield code="a">AU@</subfield><subfield code="b">000021573564</subfield></datafield><datafield ind1=" " ind2=" " tag="032"><subfield code="a">734050</subfield><subfield code="b">USPS</subfield></datafield><datafield ind1=" " ind2=" " tag="037"><subfield code="b">Pioneer Newspapers, Inc., 3701 West Lake Ave., Glenview, IL 60025</subfield></datafield><datafield ind1=" " ind2=" " tag="042"><subfield code="a">nsdp</subfield><subfield code="a">pcc</subfield></datafield><datafield ind1=" " ind2=" " tag="043"><subfield code="a">n-us-il</subfield></datafield><datafield ind1=" " ind2="0" tag="222"><subfield code="a">Edgebrook-Sauganash times review</subfield></datafield><datafield ind1="0" ind2="0" tag="245"><subfield code="a">Edgebrook-Sauganash times review.</subfield></datafield><datafield ind1="3" ind2=" " tag="246"><subfield code="a">Edgebrook Sauganash times review</subfield></datafield><datafield ind1=" " ind2=" " tag="260"><subfield code="a">Glenview, Ill. :</subfield><subfield code="b">Pioneer Newspapers, Inc.,</subfield><subfield code="c">2000-</subfield></datafield><datafield ind1=" " ind2=" " tag="300"><subfield code="a">v.</subfield></datafield><datafield ind1=" " ind2=" " tag="310"><subfield code="a">Weekly</subfield></datafield><datafield ind1="0" ind2=" " tag="362"><subfield code="a">Vol. 16, no. 20 (Apr. 27, 2000)-</subfield></datafield><datafield ind1=" " ind2="0" tag="651"><subfield code="a">Edgebrook (Chicago, Ill.)</subfield><subfield code="v">Newspapers.</subfield></datafield><datafield ind1=" " ind2="0" tag="651"><subfield code="a">Sauganash (Chicago, Ill.)</subfield><subfield code="v">Newspapers.</subfield></datafield><datafield ind1=" " ind2="7" tag="655"><subfield code="a">Newspapers.</subfield><subfield code="2">fast</subfield><subfield code="0">(OCoLC)fst01423814</subfield></datafield><datafield ind1=" " ind2="7" tag="651"><subfield code="a">Illinois</subfield><subfield code="z">Chicago</subfield><subfield code="z">Sauganash.</subfield><subfield code="2">fast</subfield><subfield code="0">(OCoLC)fst01325611</subfield></datafield><datafield ind1=" " ind2=" " tag="752"><subfield code="a">United States</subfield><subfield code="b">Illinois</subfield><subfield code="c">Cook</subfield><subfield code="d">Glenview.</subfield></datafield><datafield ind1="0" ind2="0" tag="780"><subfield code="t">Edgebrook times review</subfield><subfield code="x">1087-6782</subfield><subfield code="w">(DLC)sn 96000131</subfield><subfield code="w">(OCoLC)34375227</subfield></datafield></record>